<record><leader>00000cas a22000007a 4500</leader><controlfield tag="001">27064101</controlfield><controlfield tag="008">921204d19uu1967okuwr ne      0    0eng d</controlfield><datafield ind1=" " ind2=" " tag="010"><subfield code="a">sn 92072447 </subfield></datafield><datafield ind1=" " ind2=" " tag="040"><subfield code="a">OBN</subfield><subfield code="b">eng</subfield><subfield code="c">OBN</subfield><subfield code="d">OCL</subfield><subfield code="d">OCLCQ</subfield><subfield code="d">OCLCF</subfield><subfield code="d">OCLCO</subfield></datafield><datafield ind1="1" ind2=" " tag="029"><subfield code="a">AU@</subfield><subfield code="b">000020724957</subfield></datafield><datafield ind1=" " ind2=" " tag="042"><subfield code="a">msc</subfield></datafield><datafield ind1=" " ind2=" " tag="043"><subfield code="a">n-us-ok</subfield></datafield><datafield ind1="0" ind2=" " tag="130"><subfield code="a">Northwest news (Bethany, Okla.)</subfield></datafield><datafield ind1="1" ind2="4" tag="245"><subfield code="a">The Northwest news.</subfield></datafield><datafield ind1="3" ind2=" " tag="246"><subfield code="a">Northwest news graphic</subfield></datafield><datafield ind1="3" ind2=" " tag="246"><subfield code="a">Warr Acres northwest news</subfield></datafield><datafield ind1=" " ind2=" " tag="260"><subfield code="a">Bethany, Okla. :</subfield><subfield code="b">Jesse W. Cowan</subfield></datafield><datafield ind1=" " ind2=" " tag="300"><subfield code="a">v.</subfield></datafield><datafield ind1=" " ind2=" " tag="310"><subfield code="a">Weekly</subfield></datafield><datafield ind1="0" ind2=" " tag="362"><subfield code="a">-v. 25, no. 19 (Jan. 19, 1967).</subfield></datafield><datafield ind1=" " ind2=" " tag="500"><subfield code="a">Includes the Putnam City High School student paper: "Pirate log."</subfield></datafield><datafield ind1=" " ind2=" " tag="500"><subfield code="a">Published as: Northwest news graphic, Nov. 26, 1959-Sep. 1, 1960.</subfield></datafield><datafield ind1=" " ind2=" " tag="500"><subfield code="a">Published as: Warr Acres northwest news, Sep. 29, 1960-Jan. 19, 1961.</subfield></datafield><datafield ind1=" " ind2=" " tag="588"><subfield code="a">Description based on: Vol. 9, no. 23 (Mar. 14, 1951).</subfield></datafield><datafield ind1=" " ind2="0" tag="651"><subfield code="a">Oklahoma City (Okla.)</subfield><subfield code="v">Newspapers.</subfield></datafield><datafield ind1=" " ind2="0" tag="651"><subfield code="a">Bethany (Okla.)</subfield><subfield code="v">Newspapers.</subfield></datafield><datafield ind1=" " ind2="0" tag="651"><subfield code="a">Oklahoma County (Okla.)</subfield><subfield code="v">Newspapers.</subfield></datafield><datafield ind1=" " ind2="7" tag="655"><subfield code="a">Newspapers.</subfield><subfield code="2">fast</subfield><subfield code="0">(OCoLC)fst01423814</subfield></datafield><datafield ind1=" " ind2="7" tag="651"><subfield code="a">Oklahoma</subfield><subfield code="z">Bethany.</subfield><subfield code="2">fast</subfield><subfield code="0">(OCoLC)fst01228864</subfield></datafield><datafield ind1=" " ind2="7" tag="651"><subfield code="a">Oklahoma</subfield><subfield code="z">Oklahoma City.</subfield><subfield code="2">fast</subfield><subfield code="0">(OCoLC)fst01204376</subfield></datafield><datafield ind1=" " ind2="7" tag="651"><subfield code="a">Oklahoma</subfield><subfield code="z">Oklahoma County.</subfield><subfield code="2">fast</subfield><subfield code="0">(OCoLC)fst01210430</subfield></datafield><datafield ind1=" " ind2=" " tag="752"><subfield code="a">United States</subfield><subfield code="b">Oklahoma</subfield><subfield code="c">Oklahoma</subfield><subfield code="d">Oklahoma City.</subfield></datafield><datafield ind1=" " ind2=" " tag="752"><subfield code="a">United States</subfield><subfield code="b">Oklahoma</subfield><subfield code="c">Oklahoma</subfield><subfield code="d">Bethany.</subfield></datafield><datafield ind1="0" ind2="0" tag="785"><subfield code="t">Putnam City-northwest news</subfield><subfield code="w">(DLC)sn 95076068</subfield><subfield code="w">(OCoLC)32324765</subfield></datafield></record>